

@book{guru,
	title = {Mergulho nos {PADRÕES} {DE} {PROJETO}},
	author = {Shvets, Alexander},
	year = {2022},
	file = {Shvets - Mergulho nos PADRÕES DE PROJETO.pdf:/Users/vinicius/Zotero/storage/YTFVUQ6J/Shvets - Mergulho nos PADRÕES DE PROJETO.pdf:application/pdf},
        publisher = {}
}

@misc{devmedia_padroes,
	title = {Conheça os {Padrões} de {Projeto}},
	url = {https://www.devmedia.com.br/conheca-os-padroes-de-projeto/957},
        howpublished = "\url{https://www.devmedia.com.br/conheca-os-padroes-de-projeto/957}",
	abstract = {O objetivo deste texto é apresentar os padrões de projeto propiciando projetar soluções de software com melhor qualidade e com o menor custo.},
	language = {en},
	urldate = {2022-11-20},
	journal = {DevMedia},
	file = {Snapshot:/Users/vinicius/Zotero/storage/4KFRKYHV/957.html:text/html},
}


@book{guerra_design_2021,
	title = {Design {Patterns} com {Java}  - {Projeto} orientado a objetos guiado por padrões},
	isbn = {978-85-66250-11-4},
	publisher = {Casa do Código},
	author = {Guerra, Eduardo},
	month = nov,
	year = {2021},
	file = {Guerra - 2021 - Design Patterns com Java  - Projeto orientado a ob.pdf:/Users/vinicius/Zotero/storage/GPH7EKKA/Guerra - 2021 - Design Patterns com Java  - Projeto orientado a ob.pdf:application/pdf},
}

@book{gof,
	title = {Padrões de {Projeto} - {Soluções} reutilizáveis de software orientado a objetos},
	isbn = {978-85-7780-046-9},
	publisher = {Bookman},
	author = {Gamma, Erich and Helm, Richard and Johnson, Ralph and Vlissides, John},
	year = {2007},
	file = {Gamma et al. - 2007 - Padrões de Projeto - Soluções reutilizáveis de sof.pdf:/Users/vinicius/Zotero/storage/RLYUW6KP/Gamma et al. - 2007 - Padrões de Projeto - Soluções reutilizáveis de sof.pdf:application/pdf},
}
